
@Comment{jabref-meta: databaseType:bibtex;}
@article{azziz_2018,
  author    = {Kamyar Azizzadenesheli and
               Emma Brunskill and
               Animashree Anandkumar},
  title     = {Efficient Exploration through Bayesian Deep Q-Networks},
  journal   = {CoRR},
  volume    = {abs/1802.04412},
  year      = {2019},
  url       = {http://arxiv.org/abs/1802.04412},
  archivePrefix = {arXiv},
  eprint    = {1802.04412v2},
  biburl    = {https://dblp.org/rec/bib/journals/corr/abs-1802-04412},
  bibsource = {dblp computer science bibliography, https://dblp.org}
}
</bibtex>
